@article{chen2004impact,
	title={The impact of online recommendations and consumer feedback on sales},
	author={Chen, Pei-Yu and Wu, Shin-yi and Yoon, Jungsun},
	journal={ICIS 2004 Proceedings},
	pages={58},
	year={2004},
	url={https://aisel.aisnet.org/cgi/viewcontent.cgi?article=1146&context=icis2004},
	urldate = {2020-08-24}
}

@article{fan2008justclick,
	title={JustClick: Personalized image recommendation via exploratory search from large-scale Flickr images},
	author={Fan, Jianping and Keim, Daniel A and Gao, Yuli and Luo, Hangzai and Li, Zongmin},
	journal={IEEE Transactions on Circuits and Systems for Video Technology},
	volume={19},
	number={2},
	pages={273--288},
	year={2008},
	publisher={IEEE},
	url={https://www.researchgate.net/profile/Jianping_Fan2/publication/224358167_JustClick_Personalized_Image_Recommendation_via_Exploratory_Search_From_Large-Scale_Flickr_Images/links/0c96052532f8619ae1000000/JustClick-Personalized-Image-Recommendation-via-Exploratory-Search-From-Large-Scale-Flickr-Images.pdf},
	urldate = {2020-08-24}
}
@article{shin2016deep,
	title={Deep convolutional neural networks for computer-aided detection: CNN architectures, dataset characteristics and transfer learning},
	author={Shin, Hoo-Chang and Roth, Holger R and Gao, Mingchen and Lu, Le and Xu, Ziyue and Nogues, Isabella and Yao, Jianhua and Mollura, Daniel and Summers, Ronald M},
	journal={IEEE transactions on medical imaging},
	volume={35},
	number={5},
	pages={1285--1298},
	year={2016},
	publisher={IEEE},
	url={https://arxiv.org/pdf/1602.03409.pdf},
	urldate = {2020-08-24}
}

@inproceedings{ma2018shufflenet,
	title={Shufflenet v2: Practical guidelines for efficient cnn architecture design},
	author={Ma, Ningning and Zhang, Xiangyu and Zheng, Hai-Tao and Sun, Jian},
	booktitle={Proceedings of the European conference on computer vision (ECCV)},
	pages={116--131},
	year={2018},
	url={https://openaccess.thecvf.com/content_ECCV_2018/papers/Ningning_Light-weight_CNN_Architecture_ECCV_2018_paper.pdf},
	urldate = {2020-08-24}
}


@article{su2010efficient,
	title={Efficient relevance feedback for content-based image retrieval by mining user navigation patterns},
	author={Su, Ja-Hwung and Huang, Wei-Jyun and Philip, S Yu and Tseng, Vincent S},
	journal={IEEE transactions on knowledge and data engineering},
	volume={23},
	number={3},
	pages={360--372},
	year={2010},
	publisher={IEEE},
	url={http://citeseerx.ist.psu.edu/viewdoc/download?doi=10.1.1.717.9745&rep=rep1&type=pdf},
	urldate = {2020-08-24}
}

@article{zhang2017survey,
	title={A survey on multi-task learning},
	author={Zhang, Yu and Yang, Qiang},
	journal={arXiv preprint arXiv:1707.08114},
	year={2017},
	url={https://arxiv.org/pdf/1707.08114.pdf},
	urldate = {2020-08-24}
}

@inproceedings{xing2013take,
	title={Take this personally: Pollution attacks on personalized services},
	author={Xing, Xingyu and Meng, Wei and Doozan, Dan and Snoeren, Alex C and Feamster, Nick and Lee, Wenke},
	booktitle={22nd USENIX Security Symposium (USENIX Security 13)},
	pages={671--686},
	year={2013},
	url={https://www.usenix.org/system/files/conference/usenixsecurity13/sec13-paper_xing.pdf},
	urldate = {2020-08-24}
}

@inproceedings{yang2017fake,
	title={Fake Co-visitation Injection Attacks to Recommender Systems.},
	author={Yang, Guolei and Gong, Neil Zhenqiang and Cai, Ying},
	booktitle={NDSS},
	year={2017},
	url={http://people.duke.edu/~zg70/papers/ndss17-attackRS.pdf},
	urldate = {2020-08-24}
}

@inproceedings{lam2004shilling,
	title={Shilling recommender systems for fun and profit},
	author={Lam, Shyong K and Riedl, John},
	booktitle={Proceedings of the 13th international conference on World Wide Web},
	pages={393--402},
	year={2004},
	url={http://vima01220.ethz.ch/CDstore/www2004/docs/1p393.pdf},
	urldate = {2020-08-24}
}

@inproceedings{dalvi2004adversarial,
	title={Adversarial classification},
	author={Dalvi, Nilesh and Domingos, Pedro and Sanghai, Sumit and Verma, Deepak},
	booktitle={Proceedings of the tenth ACM SIGKDD international conference on Knowledge discovery and data mining},
	pages={99--108},
	year={2004},
	url = {https://dl.acm.org/doi/pdf/10.1145/1014052.1014066},
	urldate = {2020-08-24}
}

@article{bobadilla2013recommender,
	title={Recommender systems survey},
	author={Bobadilla, Jes{\'u}s and Ortega, Fernando and Hernando, Antonio and Guti{\'e}rrez, Abraham},
	journal={Knowledge-based systems},
	volume={46},
	pages={109--132},
	year={2013},
	publisher={Elsevier},
	url = {http://irntez.ir/wp-content/uploads/2016/12/sciencedirec.pdf},
	urldate = {2020-08-24}
}

@article{bracher2016fashion,
	title={Fashion DNA: merging content and sales data for recommendation and article mapping},
	author={Bracher, Christian and Heinz, Sebastian and Vollgraf, Roland},
	journal={arXiv preprint arXiv:1609.02489},
	year={2016},
	url = {https://arxiv.org/pdf/1609.02489.pdf},
	urldate = {2020-08-24}
}

@inproceedings{covington2016deep,
	title={Deep neural networks for youtube recommendations},
	author={Covington, Paul and Adams, Jay and Sargin, Emre},
	booktitle={Proceedings of the 10th ACM conference on recommender systems},
	pages={191--198},
	year={2016},
	url = {https://dl.acm.org/doi/pdf/10.1145/2959100.2959190},
	urldate = {2020-08-24}
}

@article{kurakin2016adversarial,
	title={Adversarial examples in the physical world},
	author={Kurakin, Alexey and Goodfellow, Ian and Bengio, Samy},
	journal={arXiv preprint arXiv:1607.02533},
	year={2016},
	url = {https://arxiv.org/pdf/1607.02533.pdf},
	urldate = {2020-08-24}
}

@article{carlini2019adversarial,
	url={https://nicholas.carlini.com/writing/2019/all-adversarial-example-papers.html}, 
	journal={A Complete List of All Adversarial Example Papers}, 
	author={Carlini, Nicholas}, 
	year={2019},
	month={6},
	urldate = {2020-08-24}
}

@article{lin2020attacking,
	title={Attacking Recommender Systems with Augmented User Profiles},
	author={Lin, Chen and Chen, Si and Li, Hui and Xiao, Yanghua and Li, Lianyun and Yang, Qian},
	journal={arXiv preprint arXiv:2005.08164},
	year={2020},
	url = {https://arxiv.org/pdf/2005.08164.pdf},
	urldate = {2020-08-24}
}

@article{papernot2016towards,
	title={Towards the science of security and privacy in machine learning},
	author={Papernot, Nicolas and McDaniel, Patrick and Sinha, Arunesh and Wellman, Michael},
	journal={arXiv preprint arXiv:1611.03814},
	year={2016},
	url={https://arxiv.org/pdf/1611.03814.pdf},
	urldate = {2020-08-24}
}

@article{christakopoulou2019adversarial,
	title={Adversarial attacks on an oblivious recommender},
	author={Christakopoulou, Konstantina and Banerjee, Arindam},
	booktitle={Proceedings of the 13th ACM Conference on Recommender Systems},
	pages={322--330},
	year={2019},
	url={https://www-users.cs.umn.edu/~baner029/papers/19/adv_attack.pdf},
	urldate = {2020-08-24}
}

@inproceedings{ilyas2019adversarial,
	title={Adversarial examples are not bugs, they are features},
	author={Ilyas, Andrew and Santurkar, Shibani and Tsipras, Dimitris and Engstrom, Logan and Tran, Brandon and Madry, Aleksander},
	booktitle={Advances in Neural Information Processing Systems},
	pages={125--136},
	year={2019},
	url={https://arxiv.org/pdf/1905.02175.pdf},
	urldate = {2020-08-24}
}

@article{grosse2016adversarial,
	title={Adversarial perturbations against deep neural networks for malware classification},
	author={Grosse, Kathrin and Papernot, Nicolas and Manoharan, Praveen and Backes, Michael and McDaniel, Patrick},
	journal={arXiv preprint arXiv:1606.04435},
	year={2016},
	url={https://arxiv.org/pdf/1606.04435.pdf},
	urldate = {2020-08-24}
}

@article{tang2019adversarial,
	title={Adversarial training towards robust multimedia recommender system},
	author={Tang, Jinhui and Du, Xiaoyu and He, Xiangnan and Yuan, Fajie and Tian, Qi and Chua, Tat-Seng},
	journal={IEEE Transactions on Knowledge and Data Engineering},
	year={2019},
	publisher={IEEE},
	url={https://arxiv.org/pdf/1809.07062.pdf},
	urldate = {2020-08-24}
}

@article{athalye2018obfuscated,
	title={Obfuscated gradients give a false sense of security: Circumventing defenses to adversarial examples},
	author={Athalye, Anish and Carlini, Nicholas and Wagner, David},
	journal={arXiv preprint arXiv:1802.00420},
	year={2018},
	url={https://arxiv.org/pdf/1802.00420.pdf},
	urldate = {2020-08-24}
}

@misc{idealods2019imagededup,
	title={Imagededup},
	author={Tanuj Jain and Christopher Lennan and Zubin John and Dat Tran},
	year={2019},
	url={https://github.com/idealo/imagededup},
	urldate = {2020-08-24}
}

@inproceedings{di2020taamr,
	title={TAaMR: Targeted Adversarial Attack against Multimedia Recommender Systems},
	author={Di Noia, Tommaso and Malitesta, Daniele and Merra, Felice Antonio},
	year={2020},
	url={http://sisinflab.poliba.it/publications/2020/DMM20/PID6442119.pdf},
	urldate = {2020-08-24},
	url={https://arxiv.org/pdf/1706.01084.pdf}
}

@article{chen2017joint,
	title={Joint text embedding for personalized content-based recommendation},
	author={Chen, Ting and Hong, Liangjie and Shi, Yue and Sun, Yizhou},
	journal={arXiv preprint arXiv:1706.01084},
	year={2017},
	urldate = {2020-08-24},
	url={https://arxiv.org/pdf/1706.01084.pdf}
}

@inproceedings{le2014distributed,
	title={Distributed representations of sentences and documents},
	author={Le, Quoc and Mikolov, Tomas},
	booktitle={International conference on machine learning},
	pages={1188--1196},
	year={2014},
	url={http://proceedings.mlr.press/v32/le14.pdf},
	urldate = {2020-08-24},
}

@incollection{pazzani2007content,
	title={Content-based recommendation systems},
	author={Pazzani, Michael J and Billsus, Daniel},
	booktitle={The adaptive web},
	pages={325--341},
	year={2007},
	publisher={Springer}
}

@article{papernot2016transferability,
	title={Transferability in machine learning: from phenomena to black-box attacks using adversarial samples},
	author={Papernot, Nicolas and McDaniel, Patrick and Goodfellow, Ian},
	journal={arXiv preprint arXiv:1605.07277},
	year={2016},
	url={https://arxiv.org/pdf/1605.07277.pdf},
	urldate = {2020-08-24}
}

@article{ilyas2018black,
	title={Black-box adversarial attacks with limited queries and information},
	author={Ilyas, Andrew and Engstrom, Logan and Athalye, Anish and Lin, Jessy},
	journal={arXiv preprint arXiv:1804.08598},
	year={2018},
	url={https://arxiv.org/pdf/1804.08598.pdf},
	urldate = {2020-08-24}
}


@inproceedings{shamir2013stochastic,
	title={Stochastic gradient descent for non-smooth optimization: Convergence results and optimal averaging schemes},
	author={Shamir, Ohad and Zhang, Tong},
	booktitle={International conference on machine learning},
	pages={71--79},
	year={2013},
	url={http://proceedings.mlr.press/v28/shamir13.pdf},
	urldate = {2020-08-24}
}

@article{li2016data,
	title={Data poisoning attacks on factorization-based collaborative filtering},
	author={Li, Bo and Wang, Yining and Singh, Aarti and Vorobeychik, Yevgeniy},
	booktitle={Advances in neural information processing systems},
	pages={1885--1893},
	year={2016},
	url={http://papers.nips.cc/paper/6142-data-poisoning-attacks-on-factorization-based-collaborative-filtering.pdf},
	urldate = {2020-08-24}
}

@article{christakopoulou2018adversarial,
	title={Adversarial recommendation: Attack of the learned fake users},
	author={Christakopoulou, Konstantina and Banerjee, Arindam},
	journal={arXiv preprint arXiv:1809.08336},
	year={2018},
	url={https://arxiv.org/pdf/1809.08336.pdf},
	urldate = {2020-08-24}
}

@inproceedings{chirita2005preventing,
	title={Preventing shilling attacks in online recommender systems},
	author={Chirita, Paul-Alexandru and Nejdl, Wolfgang and Zamfir, Cristian},
	booktitle={Proceedings of the 7th annual ACM international workshop on Web information and data management},
	pages={67--74},
	year={2005},
	url={https://www.researchgate.net/profile/Cristian_Zamfir/publication/220759092_Preventing_shilling_attacks_in_online_recommender_systems/links/00b49536abca48b9cf000000.pdf},
	urldate = {2020-08-24}
}

@article{williams2006profile,
	title={Profile injection attack detection for securing collaborative recommender systems},
	author={Williams, Chad and Mobasher, Bamshad},
	journal={DePaul University CTI Technical Report},
	pages={1--47},
	year={2006},
	url={https://www.researchgate.net/profile/Bamshad_Mobasher/publication/228815801_Thesis_Profile_Injection_Attack_Detection_for_Securing_Collaborative_Recommender_Systems/links/0fcfd507477e7b5f5f000000.pdf},
	urldate = {2020-08-24}
}

@inproceedings{resnick2007influence,
	title={The influence limiter: provably manipulation-resistant recommender systems},
	author={Resnick, Paul and Sami, Rahul},
	booktitle={Proceedings of the 2007 ACM conference on Recommender systems},
	pages={25--32},
	year={2007},
	url={https://deepblue.lib.umich.edu/bitstream/handle/2027.42/55415/recsys-appendix.pdf?sequence=1},
	urldate = {2020-08-24}
}

@inproceedings{sedhain2015autorec,
	title={Autorec: Autoencoders meet collaborative filtering},
	author={Sedhain, Suvash and Menon, Aditya Krishna and Sanner, Scott and Xie, Lexing},
	booktitle={Proceedings of the 24th international conference on World Wide Web},
	pages={111--112},
	year={2015},
	url={http://users.cecs.anu.edu.au/~u5098633/papers/www15.pdf},
	urldate = {2020-08-24}
}

@inproceedings{he2016fast,
	title={Fast matrix factorization for online recommendation with implicit feedback},
	author={He, Xiangnan and Zhang, Hanwang and Kan, Min-Yen and Chua, Tat-Seng},
	booktitle={Proceedings of the 39th International ACM SIGIR conference on Research and Development in Information Retrieval},
	pages={549--558},
	year={2016},
	url={https://arxiv.org/pdf/1708.05024.pdf},
	urldate = {2020-08-24}
}

@inproceedings{he2017neural,
	title={Neural collaborative filtering},
	author={He, Xiangnan and Liao, Lizi and Zhang, Hanwang and Nie, Liqiang and Hu, Xia and Chua, Tat-Seng},
	booktitle={Proceedings of the 26th international conference on world wide web},
	pages={173--182},
	year={2017},
	url={https://arxiv.org/pdf/1708.05031.pdf},
	urldate = {2020-08-24}
}

@article{guo2017deepfm,
	title={DeepFM: a factorization-machine based neural network for CTR prediction},
	author={Guo, Huifeng and Tang, Ruiming and Ye, Yunming and Li, Zhenguo and He, Xiuqiang},
	journal={arXiv preprint arXiv:1703.04247},
	year={2017},
	url={https://www.ijcai.org/Proceedings/2017/0239.pdf},
	urldate = {2020-08-24}
}

@incollection{desrosiers2011comprehensive,
	title={A comprehensive survey of neighborhood-based recommendation methods},
	author={Desrosiers, Christian and Karypis, George},
	booktitle={Recommender systems handbook},
	pages={107--144},
	year={2011},
	publisher={Springer},
	url={http://www.etsmtl.ca/getattachment/Professeurs/cdesrosiers/Publications/RecHB-SurveyOfNeighborhoodBasedRecommendation.pdf},
	urldate = {2020-08-24}
}

@techreport{iso27000,
	address = {Geneva, CH},
	type = {Standard},
	title = {Information security management systems — Overview and vocabulary},
	number = {ISO/IEC TR 27000:2018},
	institution = {International Organization for Standardization},
	author = {{ISO Central Secretary}},
	year = {2018},
	url = {https://www.iso.org/obp/ui/#iso:std:iso-iec:27000:en},
	urldate = {2020-08-24}	
}

@article{tsipras2018robustness,
	title={Robustness may be at odds with accuracy},
	author={Tsipras, Dimitris and Santurkar, Shibani and Engstrom, Logan and Turner, Alexander and Madry, Aleksander},
	journal={arXiv preprint arXiv:1805.12152},
	year={2018},
	url={https://arxiv.org/pdf/1805.12152.pdf},
	urldate = {2020-08-24}	
}


@article{lin2019defensive,
	title={Defensive quantization: When efficiency meets robustness},
	author={Lin, Ji and Gan, Chuang and Han, Song},
	journal={arXiv preprint arXiv:1904.08444},
	year={2019},
	url={https://arxiv.org/pdf/1904.08444.pdf},
	urldate = {2020-08-24}
}

@article{zhang2019theoretically,
	title={Theoretically principled trade-off between robustness and accuracy},
	author={Zhang, Hongyang and Yu, Yaodong and Jiao, Jiantao and Xing, Eric P and Ghaoui, Laurent El and Jordan, Michael I},
	journal={arXiv preprint arXiv:1901.08573},
	year={2019},
	url={http://www.cs.cmu.edu/~epxing/papers/2019/Zhang_etal_icml19.pdf},
	urldate = {2020-08-24}
}

@article{goodfellow2014explaining,
	title={Explaining and harnessing adversarial examples},
	author={Goodfellow, Ian J and Shlens, Jonathon and Szegedy, Christian},
	journal={arXiv preprint arXiv:1412.6572},
	year={2014},
	url={https://arxiv.org/pdf/1412.6572.pdf)},
	urldate = {2020-08-24}	
}

@inproceedings{o2002promoting,
	title={Promoting recommendations: An attack on collaborative filtering},
	author={O’Mahony, Michael P and Hurley, Neil J and Silvestre, Guenole CM},
	booktitle={International Conference on Database and Expert Systems Applications},
	pages={494--503},
	year={2002},
	organization={Springer},
	url={http://ftp10.us.freebsd.org/users/azhang/disc/springer/0558/papers/2453/24530494.pdf},
	urldate = {2020-08-24}	
}

@article{szegedy2013intriguing,
	title={Intriguing properties of neural networks},
	author={Szegedy, Christian and Zaremba, Wojciech and Sutskever, Ilya and Bruna, Joan and Erhan, Dumitru and Goodfellow, Ian and Fergus, Rob},
	journal={arXiv preprint arXiv:1312.6199},
	year={2013},
	url={https://arxiv.org/pdf/1312.6199.pdf},
	urldate = {2020-08-24}	
}

@article{harper2015movielens,
	title={The movielens datasets: History and context},
	author={Harper, F Maxwell and Konstan, Joseph A},
	journal={Acm transactions on interactive intelligent systems (tiis)},
	volume={5},
	number={4},
	pages={1--19},
	year={2015},
	publisher={ACM New York, NY, USA},
	url={https://dl.acm.org/doi/pdf/10.1145/2827872},
	urldate = {2020-08-24}	
}

@inproceedings{bennett2007netflix,
	title={The netflix prize},
	author={Bennett, James and Lanning, Stan and others},
	booktitle={Proceedings of KDD cup and workshop},
	volume={2007},
	pages={35},
	year={2007},
	organization={Citeseer},
	urldate = {2020-08-24},
	url={http://citeseerx.ist.psu.edu/viewdoc/download?doi=10.1.1.117.8094&rep=rep1&type=pdf}
}

@article{tramer2017ensemble,
	title={Ensemble adversarial training: Attacks and defenses},
	author={Tram{\`e}r, Florian and Kurakin, Alexey and Papernot, Nicolas and Goodfellow, Ian and Boneh, Dan and McDaniel, Patrick},
	journal={arXiv preprint arXiv:1705.07204},
	year={2017},
	url={https://arxiv.org/pdf/1705.07204.pdf)},
	urldate = {2020-08-24}
}

@inproceedings{biggio2013evasion,
	title={Evasion attacks against machine learning at test time},
	author={Biggio, Battista and Corona, Igino and Maiorca, Davide and Nelson, Blaine and {\v{S}}rndi{\'c}, Nedim and Laskov, Pavel and Giacinto, Giorgio and Roli, Fabio},
	booktitle={Joint European conference on machine learning and knowledge discovery in databases},
	pages={387--402},
	year={2013},
	organization={Springer},
	url={https://link.springer.com/content/pdf/10.1007/978-3-642-40994-3_25.pdf},
	urldate = {2020-08-24}
}

@article{lecun2010mnist,
	author = {LeCun, Yann and Cortes, Corinna},
	title = {{MNIST} handwritten digit database},
	year = 2010,
	url = {http://yann.lecun.com/exdb/mnist/},
	urldate = {2020-08-24}
}

@inproceedings{papernot2016distillation,
	title={Distillation as a defense to adversarial perturbations against deep neural networks},
	author={Papernot, Nicolas and McDaniel, Patrick and Wu, Xi and Jha, Somesh and Swami, Ananthram},
	booktitle={2016 IEEE Symposium on Security and Privacy (SP)},
	pages={582--597},
	year={2016},
	organization={IEEE},
	url={https://arxiv.org/pdf/1511.04508.pdf},
	urldate = {2020-08-24}
}


@inproceedings{papernot2017practical,
	title={Practical black-box attacks against machine learning},
	author={Papernot, Nicolas and McDaniel, Patrick and Goodfellow, Ian and Jha, Somesh and Celik, Z Berkay and Swami, Ananthram},
	booktitle={Proceedings of the 2017 ACM on Asia conference on computer and communications security},
	pages={506--519},
	year={2017},
	url={https://dl.acm.org/doi/pdf/10.1145/3052973.3053009},
	urldate = {2020-08-24}
}


@article{kurakin2016scale,
	title={Adversarial machine learning at scale},
	author={Kurakin, Alexey and Goodfellow, Ian and Bengio, Samy},
	journal={arXiv preprint arXiv:1611.01236},
	year={2016},
	url={https://arxiv.org/pdf/1611.01236},
	urldate = {2020-08-24}
}

@article{madry2017towards,
	title={Towards deep learning models resistant to adversarial attacks},
	author={Madry, Aleksander and Makelov, Aleksandar and Schmidt, Ludwig and Tsipras, Dimitris and Vladu, Adrian},
	journal={arXiv preprint arXiv:1706.06083},
	year={2017},
	url={https://arxiv.org/pdf/1706.06083)},
	urldate = {2020-08-24}
}

@article{buckman2018thermometer,
	title={Thermometer encoding: One hot way to resist adversarial examples},
	author={Buckman, Jacob and Roy, Aurko and Raffel, Colin and Goodfellow, Ian},
	year={2018},
	url={https://openreview.net/pdf?id=S18Su--CW},
	urldate = {2020-08-24}
}

@inproceedings{carlini2017towards,
	title={Towards evaluating the robustness of neural networks},
	author={Carlini, Nicholas and Wagner, David},
	booktitle={2017 ieee symposium on security and privacy (sp)},
	pages={39--57},
	year={2017},
	organization={IEEE},
	url={https://arxiv.org/pdf/1608.04644.pdf},
	urldate = {2020-08-24}
}

@inproceedings{fang2018poisoning,
	title={Poisoning attacks to graph-based recommender systems},
	author={Fang, Minghong and Yang, Guolei and Gong, Neil Zhenqiang and Liu, Jia},
	booktitle={Proceedings of the 34th Annual Computer Security Applications Conference},
	pages={381--392},
	year={2018},
	url={https://dl.acm.org/doi/pdf/10.1145/3274694.3274706}
}

@article{stanford2020cs231n,
	title= {CS231n: Convolutional Neural Networks for Visual Recognition},
	author= {Stanford},
	url= {https://cs231n.github.io/convolutional-networks/},
	year= {2020},
	urldate = {2020-08-24}
}

@article{mit2018adv,
	title= {A Brief Introduction to Adversarial Examples},
	author= {Mądry, Aleksander and Schmidt, Ludwig},
	organization={MIT},
	url= {https://gradientscience.org/intro_adversarial/},
	year= {2018},
	urldate = {2020-08-24}
}

@article{cai2018curriculum,
	title={Curriculum adversarial training},
	author={Cai, Qi-Zhi and Du, Min and Liu, Chang and Song, Dawn},
	journal={arXiv preprint arXiv:1805.04807},
	year={2018},
	url={https://arxiv.org/pdf/1805.04807.pdf},
	urldate = {2020-08-24}
}

@article{guzella2009review,
	title={A review of machine learning approaches to spam filtering},
	author={Guzella, Thiago S and Caminhas, Walmir M},
	journal={Expert Systems with Applications},
	volume={36},
	number={7},
	pages={10206--10222},
	year={2009},
	publisher={Elsevier},
	url={http://www.academia.edu/download/43906061/A_review_of_machine_learning_approaches_20160319-23716-gvrql2.pdf},
	urldate = {2020-08-24}
}

@inproceedings{sahs2012machine,
	title={A machine learning approach to android malware detection},
	author={Sahs, Justin and Khan, Latifur},
	booktitle={2012 European Intelligence and Security Informatics Conference},
	pages={141--147},
	year={2012},
	organization={IEEE},
	url={http://csis.pace.edu/ctappert/dps/2012EISIC/data/4782a141.pdf},
	urldate = {2020-08-24}
}

@article{yin2017deep,
	title={A deep learning approach for intrusion detection using recurrent neural networks},
	author={Yin, Chuanlong and Zhu, Yuefei and Fei, Jinlong and He, Xinzheng},
	journal={Ieee Access},
	volume={5},
	pages={21954--21961},
	year={2017},
	publisher={IEEE},
	url={https://ieeexplore.ieee.org/stamp/stamp.jsp?arnumber=8066291},
	urldate = {2020-08-24}
}

@inproceedings{barreno2006can,
	title={Can machine learning be secure?},
	author={Barreno, Marco and Nelson, Blaine and Sears, Russell and Joseph, Anthony D and Tygar, J Doug},
	booktitle={Proceedings of the 2006 ACM Symposium on Information, computer and communications security},
	pages={16--25},
	year={2006},
	url = {https://people.eecs.berkeley.edu/~adj/publications/paper-files/asiaccs06.pdf},
	urldate = {2020-08-24}
}

@article{malkov2018efficient,
	title={Efficient and robust approximate nearest neighbor search using hierarchical navigable small world graphs},
	author={Malkov, Yury A and Yashunin, Dmitry A},
	journal={IEEE transactions on pattern analysis and machine intelligence},
	year={2018},
	publisher={IEEE},
	url={https://arxiv.org/pdf/1603.09320.pdf},
	urldate = {2020-08-24}
}


@inproceedings{krizhevsky2012imagenet,
	title={Imagenet classification with deep convolutional neural networks},
	author={Krizhevsky, Alex and Sutskever, Ilya and Hinton, Geoffrey E},
	booktitle={Advances in neural information processing systems},
	pages={1097--1105},
	year={2012},
	url={http://papers.nips.cc/paper/4824-imagenet-classification-with-deep-convolutional-neural-networks.pdf},
	urldate = {2020-08-24}
}

@article{simonyan2014very,
	title={Very deep convolutional networks for large-scale image recognition},
	author={Simonyan, Karen and Zisserman, Andrew},
	journal={arXiv preprint arXiv:1409.1556},
	year={2014},
	url={https://arxiv.org/pdf/1409.1556.pdf},
	urldate = {2020-08-24}
}

@inproceedings{szegedy2015going,
	title={Going deeper with convolutions},
	author={Szegedy, Christian and Liu, Wei and Jia, Yangqing and Sermanet, Pierre and Reed, Scott and Anguelov, Dragomir and Erhan, Dumitru and Vanhoucke, Vincent and Rabinovich, Andrew},
	booktitle={Proceedings of the IEEE conference on computer vision and pattern recognition},
	pages={1--9},
	year={2015},
	url={https://arxiv.org/pdf/1409.4842.pdf},
	urldate = {2020-08-24}
}

@inproceedings{he2016deep,
	title={Deep residual learning for image recognition},
	author={He, Kaiming and Zhang, Xiangyu and Ren, Shaoqing and Sun, Jian},
	booktitle={Proceedings of the IEEE conference on computer vision and pattern recognition},
	pages={770--778},
	year={2016},
	url={https://arxiv.org/pdf/1512.03385.pdf},
	urldate = {2020-08-24}
}

@article{adomavicius2005toward,
	title={Toward the next generation of recommender systems: A survey of the state-of-the-art and possible extensions},
	author={Adomavicius, Gediminas and Tuzhilin, Alexander},
	journal={IEEE transactions on knowledge and data engineering},
	volume={17},
	number={6},
	pages={734--749},
	year={2005},
	publisher={IEEE},
	url={http://pages.stern.nyu.edu/~atuzhili/pdf/TKDE-Paper-as-Printed.pdf},
	urldate = {2020-08-24}
}

@inproceedings{kang2017visually,
	title={Visually-aware fashion recommendation and design with generative image models},
	author={Kang, Wang-Cheng and Fang, Chen and Wang, Zhaowen and McAuley, Julian},
	booktitle={2017 IEEE International Conference on Data Mining (ICDM)},
	pages={207--216},
	year={2017},
	organization={IEEE},
	url={https://arxiv.org/pdf/1711.02231.pdf},
	urldate = {2020-08-24}
}

@inproceedings{mcauley2015image,
	title={Image-based recommendations on styles and substitutes},
	author={McAuley, Julian and Targett, Christopher and Shi, Qinfeng and Van Den Hengel, Anton},
	booktitle={Proceedings of the 38th international ACM SIGIR conference on research and development in information retrieval},
	pages={43--52},
	year={2015},
	url={https://dl.acm.org/doi/pdf/10.1145/2766462.2767755},
	urldate = {2020-08-24}
}

@article{koren2009matrix,
	title={Matrix factorization techniques for recommender systems},
	author={Koren, Yehuda and Bell, Robert and Volinsky, Chris},
	journal={Computer},
	volume={42},
	number={8},
	pages={30--37},
	year={2009},
	publisher={IEEE},
	url={https://www.inf.unibz.it/~ricci/ISR/papers/ieeecomputer.pdf},
	urldate = {2020-08-24}
}

@article{bracher2016fashion,
	title={Fashion DNA: Merging Content and Sales Data for Recommendation and Article Mapping},
	author={Bracher, Christian and Heinz, Sebastian and Vollgraf, Roland},
	journal={arXiv preprint arXiv:1609.02489},
	year={2016},
	url={https://arxiv.org/pdf/1609.02489.pdf},
	urldate = {2020-08-24}
	
}

@article{hinton2012deep,
	title={Deep neural networks for acoustic modeling in speech recognition: The shared views of four research groups},
	author={Hinton, Geoffrey and Deng, Li and Yu, Dong and Dahl, George E and Mohamed, Abdel-rahman and Jaitly, Navdeep and Senior, Andrew and Vanhoucke, Vincent and Nguyen, Patrick and Sainath, Tara N and others},
	journal={IEEE Signal processing magazine},
	volume={29},
	number={6},
	pages={82--97},
	year={2012},
	publisher={IEEE},
	url={https://www.microsoft.com/en-us/research/wp-content/uploads/2016/02/HintonDengYuEtAl-SPM2012.pdf},
	urldate = {2020-08-24}
}

@article{devlin2018bert,
	title={BERT: Pre-training of Deep Bidirectional Transformers for Language Understanding},
	author={Devlin, Jacob and Chang, Ming-Wei and Lee, Kenton and Toutanova, Kristina},
	journal={arXiv preprint arXiv:1810.04805},
	year={2018},
	url={https://arxiv.org/pdf/1810.04805.pdf},
	urldate = {2020-08-24}
}

@inproceedings{tuinhof2018image,
	title={Image-based fashion product recommendation with deep learning},
	author={Tuinhof, Hessel and Pirker, Clemens and Haltmeier, Markus},
	booktitle={International Conference on Machine Learning, Optimization, and Data Science},
	pages={472--481},
	year={2018},
	organization={Springer},
	url={https://arxiv.org/pdf/1805.08694.pdf},
	urldate = {2020-08-24}
}

@inproceedings{he2016vbpr,
	title={VBPR: visual bayesian personalized ranking from implicit feedback},
	author={He, Ruining and McAuley, Julian},
	booktitle={Thirtieth AAAI conference on artificial intelligence},
	year={2016},
	url={https://arxiv.org/pdf/1510.01784.pdf},
	urldate = {2020-08-24}
}

@article{tang2019adversarial,
	title={Adversarial training towards robust multimedia recommender system},
	author={Tang, Jinhui and Du, Xiaoyu and He, Xiangnan and Yuan, Fajie and Tian, Qi and Chua, Tat-Seng},
	journal={IEEE Transactions on Knowledge and Data Engineering},
	volume={32},
	number={5},
	pages={855--867},
	year={2019},
	publisher={IEEE},
	url={https://arxiv.org/pdf/1809.07062.pdf},
	urldate = {2020-08-24}
}

@article{madry2017towards,
	title={Towards deep learning models resistant to adversarial attacks},
	author={Madry, Aleksander and Makelov, Aleksandar and Schmidt, Ludwig and Tsipras, Dimitris and Vladu, Adrian},
	journal={arXiv preprint arXiv:1706.06083},
	year={2017},
	url={https://arxiv.org/pdf/1706.06083.pdf},
	urldate = {2020-08-24}
}

@book{shostack2014threat,
	title={Threat modeling: Designing for security},
	author={Shostack, Adam},
	year={2014},
	publisher={John Wiley \& Sons}
}

@inproceedings{salter1998toward,
	title={Toward a secure system engineering methodolgy},
	author={Salter, Chris and Saydjari, O Sami and Schneier, Bruce and Wallner, Jim},
	booktitle={Proceedings of the 1998 workshop on New security paradigms},
	pages={2--10},
	year={1998},
	url={https://www.schneier.com/academic/paperfiles/paper-secure-methodology.pdf},
	urldate = {2020-08-24}
}

@article{scarfone2008guide,
	title={Guide to general server security},
	author={Scarfone, Karen and Jansen, Wayne and Tracy, Miles},
	journal={NIST Special Publication},
	volume={800},
	number={s 123},
	year={2008},
	url={https://nvlpubs.nist.gov/nistpubs/Legacy/SP/nistspecialpublication800-123.pdf},
	urldate = {2020-08-24}
}

@inproceedings{calandrino2011you,
	title={"You might also like:" Privacy risks of collaborative filtering},
	author={Calandrino, Joseph A and Kilzer, Ann and Narayanan, Arvind and Felten, Edward W and Shmatikov, Vitaly},
	booktitle={2011 IEEE symposium on security and privacy},
	pages={231--246},
	year={2011},
	organization={IEEE},
	url= {https://www.cs.utexas.edu/users/shmat/shmat_oak11ymal.pdf},
	urldate = {2020-08-24}
}

@inproceedings{nikolaenko2013privacy,
	title={Privacy-preserving matrix factorization},
	author={Nikolaenko, Valeria and Ioannidis, Stratis and Weinsberg, Udi and Joye, Marc and Taft, Nina and Boneh, Dan},
	booktitle={Proceedings of the 2013 ACM SIGSAC conference on Computer \& communications security},
	pages={801--812},
	year={2013},
	url={https://ece.northeastern.edu/fac-ece/ioannidis/static/pdf/2013/PrivacyPreservingMatrixFactorization.pdf},
	urldate = {2020-08-24}
}

@article{le2013differentially,
	title={Differentially private filtering},
	author={Le Ny, Jerome and Pappas, George J},
	journal={IEEE Transactions on Automatic Control},
	volume={59},
	number={2},
	pages={341--354},
	year={2013},
	publisher={IEEE},
	url={https://arxiv.org/pdf/1610.05820.pdf},
	urldate = {2020-08-24}	
}

@inproceedings{boytsov2013engineering,
	title={Engineering efficient and effective non-metric space library},
	author={Boytsov, Leonid and Naidan, Bilegsaikhan},
	booktitle={International Conference on Similarity Search and Applications},
	pages={280--293},
	year={2013},
	organization={Springer},
	url={http://boytsov.info/pubs/sisap2013.pdf},
	urldate = {2020-08-24}	
}

@inproceedings{sandler2018mobilenetv2,
	title={Mobilenetv2: Inverted residuals and linear bottlenecks},
	author={Sandler, Mark and Howard, Andrew and Zhu, Menglong and Zhmoginov, Andrey and Chen, Liang-Chieh},
	booktitle={Proceedings of the IEEE conference on computer vision and pattern recognition},
	pages={4510--4520},
	year={2018},
	url={https://arxiv.org/pdf/1801.04381.pdf},
	urldate = {2020-08-24}	
}

@article{shankar2017deep,
	title={Deep learning based large scale visual recommendation and search for e-commerce},
	author={Shankar, Devashish and Narumanchi, Sujay and Ananya, HA and Kompalli, Pramod and Chaudhury, Krishnendu},
	journal={arXiv preprint arXiv:1703.02344},
	year={2017},
	url={https://arxiv.org/pdf/1703.02344.pdf},
	urldate = {2020-08-24}
}

@inproceedings{cheng2016wide,
	title={Wide \& deep learning for recommender systems},
	author={Cheng, Heng-Tze and Koc, Levent and Harmsen, Jeremiah and Shaked, Tal and Chandra, Tushar and Aradhye, Hrishi and Anderson, Glen and Corrado, Greg and Chai, Wei and Ispir, Mustafa and others},
	booktitle={Proceedings of the 1st workshop on deep learning for recommender systems},
	pages={7--10},
	year={2016},
	url={https://arxiv.org/pdf/1703.04247.pdf},
	urldate = {2020-08-24}
}


%-------from bachelor thesis-------%

@book{Goodfellow:2016,
	title={Deep Learning},
	author={Ian Goodfellow and Yoshua Bengio and Aaron Courville},
	publisher={MIT Press},
	url={http://www.deeplearningbook.org},
	urldate = {2020-08-24},
	year={2016}
}

@book{Hastie:2009,
	title={The Elements of Statistical Learning: Data Mining, Inference, and Prediction, Second Edition},
	author={Hastie, T. and Tibshirani, R. and Friedman, J.},
	isbn={9780387848587},
	lccn={2008941148},
	series={Springer Series in Statistics},
	year={2009},
	publisher={Springer New York},
	url={https://web.stanford.edu/~hastie/Papers/ESLII.pdf},
	urldate = {2020-08-24}
}

@phdthesis{Karpathy:2016,
	title={Connecting Images and Natural Language},
	author={Karpathy, Andrej},
	year={2016},
	school={Stanford University},
	url={https://cs.stanford.edu/people/karpathy/main.pdf},
	urldate = {2020-08-24}
}

@article{russakovsky2015imagenet,
	title={Imagenet large scale visual recognition challenge},
	author={Russakovsky, Olga and Deng, Jia and Su, Hao and Krause, Jonathan and Satheesh, Sanjeev and Ma, Sean and Huang, Zhiheng and Karpathy, Andrej and Khosla, Aditya and Bernstein, Michael and others},
	journal={International journal of computer vision},
	volume={115},
	number={3},
	pages={211--252},
	year={2015},
	publisher={Springer},
	url={https://arxiv.org/pdf/1409.0575)},
	urldate = {2020-08-24}	
}

@inproceedings{liuLQWTcvpr16DeepFashion,
	author = {Liu, Ziwei and Luo, Ping and Qiu, Shi and Wang, Xiaogang and Tang, Xiaoou},
	title = {DeepFashion: Powering Robust Clothes Recognition and Retrieval with Rich Annotations},
	booktitle = {Proceedings of IEEE Conference on Computer Vision and Pattern Recognition (CVPR)},
	month = {June},
	year = {2016},
	url = {https://www.cv-foundation.org/openaccess/content_cvpr_2016/papers/Liu_DeepFashion_Powering_Robust_CVPR_2016_paper.pdf},
	urldate = {2020-08-24}	
}

@article{Kingma:2014,
	author    = {Diederik P. Kingma and
	Jimmy Ba},
	title     = {Adam: {A} Method for Stochastic Optimization},
	journal   = {CoRR},
	volume    = {abs/1412.6980},
	year      = {2014},
	url       = {https://arxiv.org/pdf/1412.6980.pdf},
	urldate = {2020-08-24},
	archivePrefix = {arXiv},
	eprint    = {1412.6980},
	url={https://arxiv.org/pdf/1412.6980.pdf},
	urldate = {2020-08-24},
}



@misc{Hinton:2012,
	title={Lecture 6a overview of mini--batch gradient descent},
	author={Hinton, Geoffrey and Srivastava, Nitish and Swersky, Kevin},
	url={https://www.cs.toronto.edu/~tijmen/csc321/slides/lecture_slides_lec6.pdf},
	urldate = {2020-08-24},
	year={2012}
}

@article{Duchi:2011,
	title={Adaptive subgradient methods for online learning and stochastic optimization},
	author={Duchi, John and Hazan, Elad and Singer, Yoram},
	journal={Journal of Machine Learning Research},
	volume={12},
	number={Jul},
	pages={2121--2159},
	year={2011},
	url={http://www.jmlr.org/papers/volume12/duchi11a/duchi11a.pdf},
	urldate = {2020-08-24},
}

@book{Rojas:2013,
	title={Neural networks: a systematic introduction},
	author={Rojas, Raúl},
	year={2013},
	publisher={Springer Science \& Business Media},
	url={https://page.mi.fu-berlin.de/rojas/neural/neuron.pdf},
	urldate = {2020-08-24},
}

@inproceedings{paszke2019pytorch,
	title={PyTorch: An imperative style, high-performance deep learning library},
	author={Paszke, Adam and Gross, Sam and Massa, Francisco and Lerer, Adam and Bradbury, James and Chanan, Gregory and Killeen, Trevor and Lin, Zeming and Gimelshein, Natalia and Antiga, Luca and others},
	booktitle={Advances in Neural Information Processing Systems},
	pages={8024--8035},
	year={2019},
	urldate = {2020-08-24},
}


@article{LeCun:1989,
	title={Backpropagation applied to handwritten zip code recognition},
	author={LeCun, Yann and Boser, Bernhard and Denker, John S and Henderson, Donnie and Howard, Richard E and Hubbard, Wayne and Jackel, Lawrence D},
	journal={Neural computation},
	volume={1},
	number={4},
	pages={541--551},
	year={1989},
	publisher={MIT Press},
	url={http://yann.lecun.com/exdb/publis/pdf/lecun-89e.pdf},
	urldate = {2020-08-24},
}

@article{Hornik:1989,
	title={Multilayer feedforward networks are universal approximators},
	author={Hornik, Kurt and Stinchcombe, Maxwell and White, Halbert},
	journal={Neural networks},
	volume={2},
	number={5},
	pages={359--366},
	year={1989},
	publisher={Elsevier},
	url={https://www.cs.cmu.edu/~epxing/Class/10715/reading/Kornick_et_al.pdf},
	urldate = {2020-08-24},
}

@inproceedings{Morgan:1990,
	title={Continuous speech recognition using multilayer perceptrons with hidden Markov models},
	author={Morgan, Nelson and Bourlard, Herve},
	booktitle={Acoustics, Speech, and Signal Processing, 1990. ICASSP-90., 1990 International Conference on},
	pages={413--416},
	year={1990},
	organization={IEEE}
}

@article{Williams:1989,
	title={A learning algorithm for continually running fully recurrent neural networks},
	author={Williams, Ronald J and Zipser, David},
	journal={Neural computation},
	volume={1},
	number={2},
	pages={270--280},
	year={1989},
	publisher={MIT Press},
	url={https://pdfs.semanticscholar.org/8adb/8257a423f55b1f20ba62c8b20118d76a25c7.pdf},
	urldate = {2020-08-24}
}

@article{Bengio:1994,
	title={Learning long-term dependencies with gradient descent is difficult},
	author={Bengio, Yoshua and Simard, Patrice and Frasconi, Paolo},
	journal={IEEE transactions on neural networks},
	volume={5},
	number={2},
	pages={157--166},
	year={1994},
	publisher={IEEE},
	url={http://ai.dinfo.unifi.it/paolo/ps/tnn-94-gradient.pdf},
	urldate = {2020-08-24},
}

@inproceedings{Glorot:2010,
	title={Understanding the difficulty of training deep feedforward neural networks},
	author={Glorot, Xavier and Bengio, Yoshua},
	booktitle={Proceedings of the Thirteenth International Conference on Artificial Intelligence and Statistics},
	pages={249--256},
	year={2010},
	url={http://proceedings.mlr.press/v9/glorot10a/glorot10a.pdf},
	urldate = {2020-08-24},
}

@book{James:2013,
	title={An introduction to statistical learning},
	author={James, Gareth and Witten, Daniela and Hastie, Trevor and Tibshirani, Robert},
	year={2013},
	publisher={Springer},
	url = {http://www-bcf.usc.edu/~gareth/ISL/ISLR%20Seventh%20Printing.pdf},
	urldate = {2020-08-24},
}

@article{Vladimir:2015,
	author    = {Vladimir Vovk},
	title     = {The fundamental nature of the log loss function},
	journal   = {CoRR},
	volume    = {abs/1502.06254},
	year      = {2015},
	url       = {https://arxiv.org/pdf/1502.06254.pdf},
	archivePrefix = {arXiv},
	eprint    = {1502.06254},
	urldate = {2020-08-24},
}

@article{David:2011,
	author = {Powers, David},
	year = {2011},
	month = {01},
	pages = {37--63},
	title = {Evaluation: From Precision, Recall and F-Factor to ROC, Informedness, Markedness \& Correlation},
	volume = {2},
	issue = "1",
	journal = {Journal of Machine Learning Technologies},
	url={https://dspace2.flinders.edu.au/xmlui/bitstream/handle/2328/27165/Powers%20Evaluation.pdf?sequence=1&isAllowed=y},
	urldate = {2020-08-24}
}

@techreport{RFC3986,
	author = {Tim Berners-Lee and Roy T. Fielding and Larry Masinter},
	title = {Uniform Resource Identifier (URI): Generic Syntax},
	howpublished = {Internet Requests for Comments},
	type = {STD},
	number = {66},
	year = {2005},
	month = {1},
	issn = {2070-1721},
	publisher = {RFC Editor},
	url = {https://www.rfc-editor.org/rfc/rfc3986.txt},
	urldate = {2020-08-24}
}

@inproceedings{Nair:2010,
	title={Rectified linear units improve restricted boltzmann machines},
	author={Nair, Vinod and Hinton, Geoffrey E},
	booktitle={Proceedings of the 27th international conference on machine learning (ICML-10)},
	pages={807--814},
	year={2010},
	url={https://www.cs.toronto.edu/~hinton/absps/reluICML.pdf},
	urldate = {2020-08-24}
}
